@article{belongie2015pattern,
title = "Visipedia circa 2015",
journal = "Pattern Recognition Letters",
volume = "72",
pages = "15 - 24",
year = "2016",
author = "Serge Belongie and Pietro Perona",
}

@phdthesis{lostanlen2017,
  TITLE = {{Convolutional operators in the time-frequency domain}},
  AUTHOR = {Lostanlen, Vincent},
  SCHOOL = {{'{E}cole normale sup\'{e}rieure}},
  YEAR = {2017}
}

