@article{belongie2015pattern,
title = "Visipedia circa 2015",
journal = "Pattern Recognition Letters",
volume = "72",
pages = "15 - 24",
year = "2016",
author = "Serge Belongie and Pietro Perona",
}

@inproceedings{bittner2014ismir,
  title={MedleyDB: A Multitrack Dataset for Annotation-Intensive MIR Research},
  author={Bittner, Rachel M and Salamon, Justin and Tierney, Mike and Mauch, Matthias and Cannam, Chris and Bello, Juan Pablo},
  booktitle={Proc. ISMIR},
  year={2014}
}

@inproceedings{gemmeke2017icassp,
title = {Audio Set: An ontology and human-labeled dataset for audio events},
author  = {Jort F. Gemmeke and Daniel P. W. Ellis and Dylan Freedman and Aren Jansen and Wade Lawrence and R. Channing Moore and Manoj Plakal and Marvin Ritter},
year  = {2017},
booktitle = {Proc. IEEE ICASSP}
}


@inproceedings{kolozali2011ismir,
  title={Knowledge Representation Issues in Musical Instrument Ontology Design.},
  author={Kolozali, Sefki and Barthet, Mathieu and Fazekas, Gy{\"o}rgy and Sandler, Mark B},
  booktitle={Proc. ISMIR},
  pages={465--470},
  year={2011}
}


@phdthesis{lostanlen2017phd,
  TITLE = {{Convolutional operators in the time-frequency domain}},
  AUTHOR = {Lostanlen, Vincent},
  SCHOOL = {{'{E}cole normale sup\'{e}rieure}},
  YEAR = {2017}
}

@inproceedings{loureiro2004ismir,
  title={Timbre Classification Of A Single Musical Instrument.},
  author={Loureiro, Mauricio A and de Paula, Hugo Bastos and Yehia, Hani C},
  booktitle = {Proc. ISMIR},
  year={2004}
}

@inproceedings{martins2007ismir,
  title={Polyphonic instrument recognition using spectral clustering.},
  author={Martins, Luis Gustavo and Burred, Juan Jos{\'e} and Tzanetakis, George and Lagrange, Mathieu},
  booktitle = {Proc. ISMIR},
  year = {2007}
}

@inproceedings{su2014ismir,
  title={Sparse Cepstral, Phase Codes for Guitar Playing Technique Classification.},
  author={Su, Li and Yu, Li-Fan and Yang, Yi-Hsuan},
  booktitle={Proc. ISMIR},
  year={2014}
}

@inproceedings{tindale2004ismir,
  title={Retrieval of percussion gestures using timbre classification techniques.},
  author={Tindale, Adam R and Kapur, Ajay and Tzanetakis, George and Fujinaga, Ichiro},
  booktitle = {Proc. ISMIR},
  year={2004}
}

@inproceedings{tjoa2010ismir,
  title={Musical Instrument Recognition using Biologically Inspired Filtering of Temporal Dictionary Atoms.},
  author={Tjoa, Steven K and Liu, KJ Ray},
  booktitle={Proc. ISMIR},
  year={2010}
}