@inproceedings{anden2012dafx,
  title={Scattering representation of modulated sounds},
  author={And{\'e}n, Joakim and Mallat, St{\'e}phane},
  booktitle={Proc. DAFx},
  year={2012}
}


@article{belongie2015pattern,
title = "Visipedia circa 2015",
journal = "Pattern Recognition Letters",
volume = "72",
pages = "15 - 24",
year = "2016",
author = "Serge Belongie and Pietro Perona",
}


@inproceedings{bittner2014ismir,
  title={MedleyDB: A Multitrack Dataset for Annotation-Intensive MIR Research},
  author={Bittner, Rachel M and Salamon, Justin and Tierney, Mike and Mauch, Matthias and Cannam, Chris and Bello, Juan Pablo},
  booktitle={Proc. ISMIR},
  year={2014}
}


@phdthesis{dianova2007phd,
  title={John Cage's Prepared Piano: The Nuts and Bolts},
  author={Dianova, Tzenka},
  year={2007},
  school={U. Auckland}
}


@inproceedings{gemmeke2017icassp,
title = {Audio Set: An ontology and human-labeled dataset for audio events},
author  = {Jort F. Gemmeke and Daniel P. W. Ellis and Dylan Freedman and Aren Jansen and Wade Lawrence and R. Channing Moore and Manoj Plakal and Marvin Ritter},
year  = {2017},
booktitle = {Proc. IEEE ICASSP}
}


@book{godoy2009book,
  title={Musical Gestures: Sound, Movement, and Meaning},
  author={God{\o}y, R.I. and Leman, M.},
  year={2009},
  publisher={Taylor \& Francis}
}


@inproceedings{kolozali2011ismir,
  title={Knowledge Representation Issues in Musical Instrument Ontology Design.},
  author={Kolozali, Sefki and Barthet, Mathieu and Fazekas, Gy{\"o}rgy and Sandler, Mark B},
  booktitle={Proc. ISMIR},
  pages={465--470},
  year={2011}
}


@book{kostka2016book,
  title={Materials and Techniques of Post Tonal Music},
  author={Kostka, Stefan},
  year={2016},
  publisher={Taylor \& Francis}
}


@phdthesis{lostanlen2017phd,
  TITLE = {{Convolutional operators in the time-frequency domain}},
  AUTHOR = {Lostanlen, Vincent},
  SCHOOL = {{'{E}cole normale sup\'{e}rieure}},
  YEAR = {2017}
}


@inproceedings{loureiro2004ismir,
  title={Timbre Classification Of A Single Musical Instrument.},
  author={Loureiro, Mauricio A and de Paula, Hugo Bastos and Yehia, Hani C},
  booktitle = {Proc. ISMIR},
  year={2004}
}


@article{maresz2013cmr,
  title={On computer-assisted orchestration},
  author={Maresz, Yan},
  journal={Contemp. Mus. Rev.},
  volume={32},
  number={1},
  pages={99--109},
  year={2013}
}


@inproceedings{martins2007ismir,
  title={Polyphonic instrument recognition using spectral clustering.},
  author={Martins, Luis Gustavo and Burred, Juan Jos{\'e} and Tzanetakis, George and Lagrange, Mathieu},
  booktitle = {Proc. ISMIR},
  year = {2007}
}


@book{sachs2012book,
  title={The History of Musical Instruments},
  author={Sachs, Curt},
  isbn={9780486171517},
  series={Dover Books on Music},
  year={2012},
  publisher={Dover Publications}
}


@book{schoenberg2010book,
  title={Theory of Harmony},
  author={Schoenberg, Arnold},
  edition={100th Anniversary Edition},
  isbn={9780520266087},
  lccn={77073502},
  year={2010},
  publisher={University of California}
}


@inproceedings{su2014ismir,
  title={Sparse Cepstral, Phase Codes for Guitar Playing Technique Classification.},
  author={Su, Li and Yu, Li-Fan and Yang, Yi-Hsuan},
  booktitle={Proc. ISMIR},
  year={2014}
}


@inproceedings{tindale2004ismir,
  title={Retrieval of percussion gestures using timbre classification techniques.},
  author={Tindale, Adam R and Kapur, Ajay and Tzanetakis, George and Fujinaga, Ichiro},
  booktitle = {Proc. ISMIR},
  year={2004}
}


@inproceedings{tjoa2010ismir,
  title={Musical Instrument Recognition using Biologically Inspired Filtering of Temporal Dictionary Atoms.},
  author={Tjoa, Steven K and Liu, KJ Ray},
  booktitle={Proc. ISMIR},
  year={2010}
}

@book{zolzer2011dafx,
  title={DAFX: Digital Audio Effects},
  author={Z{\"o}lzer, Udo},
  year={2011},
  publisher={Wiley}
}
